<?xml version="1.0" encoding="utf-8"?>
<record xmlns="http://www.loc.gov/MARC21/slim" xmlns:xsi="http://www.w3.org/2001/XMLSchema-instance" xsi:schemaLocation="http://www.loc.gov/MARC21/slim http://www.loc.gov/standards/marcxml/schema/MARC21slim.xsd">
	<leader>     nam a22        4500</leader>
	<controlfield tag="001">b12309837</controlfield>
	<controlfield tag="003">LeBAU</controlfield>
	<controlfield tag="006">m        d        </controlfield>
	<controlfield tag="007">cr cn |||m|||a</controlfield>
	<controlfield tag="008">170316m19471948le      o     ||0 0 ara d</controlfield>
	<datafield ind1=" " ind2=" " tag="040">
		<subfield code="a">NNU</subfield>
		<subfield code="b">ara</subfield>
		<subfield code="e">rda</subfield>
		<subfield code="c">NNU</subfield>
	</datafield>
	<datafield ind1=" " ind2="4" tag="050">
		<subfield code="a">Z675 A82</subfield>
		<subfield code="b">T37 1947</subfield>
	</datafield>
	<datafield ind1="0" ind2="4" tag="082">
		<subfield code="a">027</subfield>
		<subfield code="2">22</subfield>
	</datafield>
	<datafield ind1="1" ind2=" " tag="100">
		<subfield code="6">880-01</subfield>
		<subfield code="a">Tarrāzī, Fīlīb Dī,</subfield>
		<subfield code="c">al-Fīkunt,</subfield>
		<subfield code="d">1865-1956,</subfield>
		<subfield code="e">author.</subfield>
	</datafield>
	<datafield ind1="1" ind2="0" tag="245">
		<subfield code="6">880-02</subfield>
		<subfield code="a">Khazāʼin al-kutub al-ʻArabīyah fī al-khāfiqayn /</subfield>
		<subfield code="c">bi-qalam al-Fīkunt Fīlīb Dī Tarrāzī mu’assis Dār al-Kutub al-Lubnānīyah wa-al-‘uḍw fī ‘iddat majāmi‘ ‘ilmīyah sharqīyah wa-gharbīyah.</subfield>
	</datafield>
	<datafield ind1=" " ind2="1" tag="264">
		<subfield code="6">880-03</subfield>
		<subfield code="a">Bayrūt, [Lubnān] :</subfield>
		<subfield code="b">al-Jumhūrīyah al-Lubnānīyah, Manshūrat Wizārat al-Tarbiyah al-Waṭanīyah wa-al-Funūn al-Jamīlah, Dār al-Kutub,</subfield>
		<subfield code="c">1947-1948.</subfield>
	</datafield>
	<datafield ind1=" " ind2=" " tag="300">
		<subfield code="6">880-04</subfield>
		<subfield code="a">online resource (4 volumes)</subfield>
	</datafield>
	<datafield ind1=" " ind2=" " tag="336">
		<subfield code="a">text</subfield>
		<subfield code="2">rdacontent</subfield>
	</datafield>
	<datafield ind1=" " ind2=" " tag="337">
		<subfield code="a">computer</subfield>
		<subfield code="2">rdamedia</subfield>
	</datafield>
	<datafield ind1=" " ind2=" " tag="338">
		<subfield code="a">online resource</subfield>
		<subfield code="2">rdacarrier</subfield>
	</datafield>
	<datafield ind1=" " ind2=" " tag="500">
		<subfield code="a">Part of the Arabic Collections Online (ACO) project, contributed by American University of Beirut's Jafet Memorial Library.</subfield>
	</datafield>
	<datafield ind1=" " ind2=" " tag="533">
		<subfield code="a">Electronic reproduction.</subfield>
		<subfield code="b">New York, N.Y. :</subfield>
		<subfield code="c">New York University,</subfield>
		<subfield code="d">2017.</subfield>
		<subfield code="5">NNU</subfield>
	</datafield>
	<datafield ind1=" " ind2="0" tag="650">
		<subfield code="6">880-05</subfield>
		<subfield code="a">Public libraries.</subfield>
	</datafield>
	<datafield ind1=" " ind2="0" tag="650">
		<subfield code="6">880-06</subfield>
		<subfield code="a">Arabic libraries.</subfield>
	</datafield>
	<datafield ind1="2" ind2=" " tag="710">
		<subfield code="a">Jafet Memorial Library.</subfield>
	</datafield>
	<datafield ind1="0" ind2=" " tag="730">
		<subfield code="a">Arabic Collections Online.</subfield>
	</datafield>
	<datafield ind1="0" ind2="8" tag="776">
		<subfield code="i">Print version:</subfield>
		<subfield code="a">Tarrāzī, Fīlīb Dī, al-Fīkunt, 1865-1956, author.</subfield>
		<subfield code="t">Khazāʼin al-kutub al-ʻArabīyah fī al-khāfiqayn</subfield>
		<subfield code="w">(LeBAU)b12309837</subfield>
	</datafield>
	<datafield ind1="4" ind2="0" tag="856">
		<subfield code="u">http://hdl.handle.net/2333.1/bg79ct82</subfield>
	</datafield>
	<datafield ind1="1" ind2=" " tag="880">
		<subfield code="6">100-01</subfield>
		<subfield code="a">طرازي، فيليب دي،</subfield>
		<subfield code="c">الفيكونت،</subfield>
		<subfield code="d">1865-1956،</subfield>
		<subfield code="e">مؤلف.</subfield>
		<subfield code="4">aut.</subfield>
	</datafield>
	<datafield ind1="1" ind2="0" tag="880">
		<subfield code="6">245-02</subfield>
		<subfield code="a">خزائن الكتب العربية في الخافقين /</subfield>
		<subfield code="c">بقلم الفيكنت فيليب دي طرازي مؤسس دار الكتب اللبنانية والعضو في عدة مجامع علمية شرقية وغربية.</subfield>
	</datafield>
	<datafield ind1=" " ind2="1" tag="880">
		<subfield code="6">264-03</subfield>
		<subfield code="a">بيروت، [لبنان] :</subfield>
		<subfield code="b">الجمهورية اللبنانية، منشورات وزارة التربية الوطنية والفنون الجميلة، دار الكتب،</subfield>
		<subfield code="c">1947-1948.</subfield>
	</datafield>
	<datafield ind1=" " ind2=" " tag="880">
		<subfield code="6">300-04</subfield>
		<subfield code="a">4 مجلدات ؛</subfield>
		<subfield code="c">23 سم</subfield>
	</datafield>
	<datafield ind1=" " ind2=" " tag="880">
		<subfield code="6">500-00</subfield>
		<subfield code="a">المجلد الثالث طبع سنة 1948.</subfield>
	</datafield>
	<datafield ind1=" " ind2="4" tag="880">
		<subfield code="6">650-05</subfield>
		<subfield code="a">المكتبات العامة.</subfield>
	</datafield>
	<datafield ind1=" " ind2="4" tag="880">
		<subfield code="6">650-06</subfield>
		<subfield code="a">المكتبات العربية.</subfield>
	</datafield>
	<datafield ind1=" " ind2=" " tag="959">
		<subfield code="a">NNU</subfield>
		<subfield code="b">WEB</subfield>
		<subfield code="c">GENI</subfield>
		<subfield code="t">0</subfield>
		<subfield code="m">Electronic access</subfield>
		<subfield code="s">01</subfield>
	</datafield>
	<datafield ind1=" " ind2=" " tag="999">
		<subfield code="i">LeBAU_b12309837</subfield>
		<subfield code="s">aub_aco000442:v.1</subfield>
		<subfield code="s">aub_aco000443:v.2</subfield>
		<subfield code="s">aub_aco000444:v.3</subfield>
		<subfield code="s">aub_aco000445:v.4</subfield>
		<subfield code="e">(ERROR-880)</subfield>
		<subfield code="s">aub_aco000442:v.1</subfield>
		<subfield code="s">aub_aco000443:v.2</subfield>
		<subfield code="s">aub_aco000444:v.3</subfield>
		<subfield code="s">aub_aco000445:v.4</subfield>
	</datafield>
</record>
